2742 5017
754 450 799 518 90

676 533 884 554 *un—-

238 603 417 732 Quarum
439 604 798 738 interpretationum
821 623 997 704 omnium
1020 607 1235 699 obscuritas
1255 649 1342 699 ne-
1365 625 1366 680 ³

243 774 319 850 que
335 748 476 824 Ovidio
501 747 701 843 convenit,
725 770 798 822 nec
820 747 854 821 si
868 746 931 821 vel
944 742 1117 819 maxime
1135 745 1342 820 conveni-

104 870 109 876 ’
242 879 315 963 ret,
339 868 478 944 verbor
504 866 762 966 significat
777 889 873 940 usus
888 864 1028 939 fuisset
1040 870 1167 962 poeta,
1193 865 1271 940 sed
1294 856 1339 939 si

242 988 335 1090 quid
348 986 461 1062 video
477 988 616 1062 verbo:
643 982 911 1061 testificor
932 984 997 1058 vel
1010 981 1216 1058 eiusmodi.

349 1106 427 1183 Sed
441 1105 571 1180 licebit
579 1108 734 1180 tandem
750 1101 1026 1178 missasfacere
1040 1102 1135 1176 istas
1150 1100 1332 1202 ineptias

237 1228 283 1306 'et
311 1227 502 1325 quomodo
524 1226 632 1300 locus
655 1233 787 1299 nostro
802 1221 941 1297 iudicio
965 1227 1167 1317 corruptus
1183 1222 1329 1323 legen·-

235 1352 314 1422 'dus
332 1369 419 1420 esse
432 1343 620 1433 videatur,
640 1343 801 1444 aperire.
851 1342 983 1440 Neque
995 1345 1220 1438 corruptum
1228 1351 1325 1417 esse

239 1466 354 1566 primi
367 1463 681 1543 animadvertisse
703 1463 899 1537 videmurr
926 1461 968 1535 in
993 1455 1323 1535 commentatione

148 1626 151 1633 ·
242 1585 345 1684 enim
366 1582 473 1656 Petri
487 1579 619 1654 Violae
636 1581 738 1655 edita
757 1581 799 1654 in
820 1581 1008 1655 Thesaur.
1059 1577 1320 1675 Graecianit.

237 1701 342 1776 vm.
357 1727 395 1800 p.
415 1699 488 1772 173
507 1698 570 1773 hio
584 1724 719 1775 versus
734 1702 788 1774 ita
805 1701 962 1775 citatius
1037 1733 1038 1738 ¹

344 1817 564 1920 Significant
581 1821 713 1894 sedem
726 1826 828 1894 terra
840 1818 1025 1915 focusque
1041 1816 1166 1907 simul,

235 1961 341 2048 ‘quae
356 1936 432 2011 nisi
446 1938 550 2036 quod
556 1937 760 2044 violentior·
768 1947 830 2013 est
847 1937 1077 2028 comestura,
1088 1959 1210 2036 paene
1219 1959 1315 2012 oon·

234 2058 346 2136 venit
360 2082 448 2132 oum
461 2058 535 2130 hec
550 2067 704 2133 nostra:

344 2175 566 2277 Significant
579 2181 711 2252 sedem
726 2183 830 2252 terra
844 2174 1031 2275 focusque
1050 2186 1192 2251 tuam.
1299 2187 1306 2199 ¹

233 2311 239 2316 ·
342 2293 450 2393 Quae
465 2296 680 2372 emendatio
694 2296 853 2370 minimo
866 2294 1062 2395 dispendio
1077 2296 1311 2371 seutentiam

236 2411 390 2489 efficere
408 2438 458 2488 ex
475 2414 604 2516 inepta
620 2415 855 2514 aptissimam
871 2416 1037 2490 videtur.
1086 2410 1190 2490 Nihil
1204 2415 1308 2494 enim

232 2531 471 2630 stoquentius
488 2542 770 2609 commutatum
787 2561 810 2610 a
824 2532 1004 2628 librariis,
1030 2556 1148 2631 quam
1163 2559 1308 2631 prono-

233 2671 323 2727 men
347 2653 537 2725 secundae
553 2655 769 2751 tertiaeque
791 2675 997 2751 personae3
1022 2652 1140 2750 idque
1159 2655 1308 2752 absque

230 2771 685 2871 'carisapalaeographica
736 2771 816 2848 Sed
827 2772 915 2848 vide
928 2772 1036 2846 locos
1050 2771 1186 2848 hosoez
1200 2773 1306 2870 En,

224 2888 324 2963 246.
352 2890 443 2965 624.
481 2888 550 2982 IV,
575 2890 640 2966 64.
677 2890 753 2982 vl,
779 2891 868 2966 374.
882 2890 972 2965 432.
987 2890 1077 2964 676.
1115 2889 1231 2966 Trist.
1249 2892 1305 2984 11,

229 3008 323 3082 ree.
338 3008 429 3084 438.
458 3009 528 3106 111,
542 3013 591 3102 7,
611 3010 651 3086 4.
691 3011 784 3085 Met.
800 3010 852 3099 Π,
881 3008 967 3084 175.
988 3016 1096 3085 sat
1120 2992 1307 3088 confusae

230 3127 273 3200 in
296 3129 381 3230 cod.
405 3128 598 3205 Zwicoav.
656 3130 716 3204 De
729 3128 973 3205 correctionis
994 3127 1175 3205 facilitate
1192 3129 1305 3226 satis,

138 3345 144 3352 ἱ
229 3236 379 3343 minor,
398 3248 552 3321 dictum.
589 3248 736 3339 Restat,
753 3256 799 3321 ut
813 3250 861 3322 de
879 3271 1016 3324 sensns
1030 3249 1307 3326 commoditate

229 3387 487 3465 exponamus:
514 3366 655 3441 Vestae
668 3390 813 3440 numen
827 3381 1202 3466 nonnunquemcum
1214 3369 1307 3470 igne
1367 3365 1370 3406 ³

229 3490 272 3558 et
293 3505 388 3557 vero
410 3483 518 3577 foca,
549 3487 616 3586 qui
637 3485 800 3560 sustinet
821 3484 968 3586 ignem,
985 3487 1177 3562 'confundi
1199 3492 1304 3589 apud

228 3610 362 3701 poetas
385 3611 503 3701 atque
525 3607 651 3705 ipsum
675 3603 858 3680 Ovidium
877 3614 1048 3697 constat,
1075 3607 1157 3683 sive
1180 3607 1222 3682 id
1240 3608 1303 3686 fa-

3 3721 4 3754 *
159 3817 161 3825 y
229 3728 337 3796 otum
358 3722 410 3797 sit
432 3725 558 3823 graeci
574 3724 737 3800 nominis
755 3726 966 3817 memoria,
994 3727 1075 3802 sive
1094 3727 1301 3825 ephiloso·

119 3824 169 3872 “³‘'
227 3840 396 3941 phorum
417 3842 562 3943 placitis
590 3823 768 3937 flunerit,
802 3846 884 3920 sive
910 3870 960 3921 ex
979 3870 1087 3921 more
1110 3848 1295 3939 Romano,

231 3981 311 4056 quo
324 3968 480 4057 praeter
492 3958 624 4036 focum
638 3972 678 4037 et
696 3965 825 4065 ignem
841 3964 913 4038 alia
926 3967 1031 4038 nulia
1051 3963 1177 4066 effigie
1193 3969 1294 4042 culte

227 4077 309 4151 Dea
323 4076 410 4169 fuit,
440 4082 542 4179 quod
556 4081 639 4183 ipse
655 4091 769 4181 poeta
784 4084 974 4184 expressit
988 4108 1027 4159 v.
1046 4084 1121 4157 295
1136 4108 1199 4180 sq.
1231 4083 1304 4161 si..

225 4196 305 4271 cuti
328 4197 446 4300 igitur
469 4200 620 4275 domine
643 4201 820 4277 socorsun
842 4202 949 4275 audit
969 4227 1007 4277 v.
1032 4204 1109 4277 317
1128 4211 1168 4278 et
1184 4204 1294 4305 ignee

222 4315 340 4394 Veste
355 4341 393 4396 v.
415 4319 505 4414 234,
530 4321 580 4400 ita
593 4348 632 4398 v.
650 4323 724 4396 301
735 4321 823 4394 -4
843 4327 975 4420 aperte
989 4319 1119 4397 iocum
1133 4348 1205 4423 pro
1219 4324 1307 4406 ve
