2742 5017
723 481 799 538 xvi

233 631 271 698 1''
301 675 302 680 =
329 634 405 711 Nus
427 635 469 708 in
491 635 705 737 posteriore
728 660 846 712 versu
863 636 1112 710 adderemus:
1143 619 1312 712 interim

187 769 190 776 '
231 755 375 832 veitele
388 753 496 852 quid'
521 754 669 830 Eodem
683 755 800 857 igitur
816 754 1058 829 modoetiam
1073 737 1162 845 hoc,
1181 777 1312 851 quem
1355 832 1356 840 χ

231 871 424 975 attigimus
446 874 531 947 ioco
552 873 743 973 sequiture
784 877 972 973 Dumque
995 869 1106 975 rog‘at
1128 879 1199 972 ‘pro
1227 883 1311 976 qua
1356 882 1358 982 i

175 999 179 1014 '
230 1000 340 1096 roget
359 992 515 1068 occidit.
565 992 654 1068 Lib.
677 996 752 1088 vl,
780 995 877 1070 6342
918 1001 920 1008 “
1057 1007 1062 1016 ’
1106 983 1108 988 ’
1356 987 1357 998 ’

337 1128 412 1204 cui
434 1129 486 1203 sis
506 1140 625 1229 nupta
639 1133 727 1207 vide
746 1131 862 1205 Pand.
879 1137 969 1203 nata
983 1121 1145 1202 marito:
1219 1127 1237 1144 ''

342 1248 573 1348 Degeneres.
589 1248 725 1326 Scelus
735 1248 923 1349 estpietas
939 1247 979 1322 in
991 1243 1153 1348 coniuge
1161 1247 1308 1324 Tereo.

332 1381 393 1455 Ita
410 1381 598 1459 distinctis
614 1388 744 1463 verbis
752 1388 995 1494 interpretes¹
1005 1362 1195 1483 quotquot
1213 1395 1310 1459 sunt
1357 1340 1360 1493 i

233 1522 368 1576 omnes
382 1503 528 1584 nudum
541 1505 633 1582 illud
649 1514 690 1580 et
703 1506 925 1580 molestums
952 1505 1205 1605 degeneras
1222 1511 1307 1595 aut,

230 1627 276 1693 ut
293 1618 355 1710 fit,
382 1611 631 1699 commotiore
643 1624 840 1723 loquentis
863 1623 988 1698 animo
1009 1629 1215 1712 excusant,
1237 1631 1308 1696 aut

230 1747 362 1815 contra
376 1740 624 1840 plurimorum
632 1742 1308 1836 librorrunauetoritatemimmutare

214 1866 323 1932 ¹sunt
340 1859 480 1932 cenati.
530 1855 679 1959 Quibus
695 1864 821 1936 multo
844 1862 1022 1936 solertius
1041 1884 1084 1933 ac
1101 1859 1233 1935 scitius
1253 1859 1305 1954 is,

230 1979 298 2077 qui
314 1979 422 2052 codd.
437 1979 630 2056 Zwiccav.
647 1984 799 2081 punctis
810 1983 989 2055 distinxit
1003 1986 1043 2053 et
1060 1980 1304 2079 glossematis

230 2095 416 2206 instruxit
424 2079 1307 2204 (factumenimidamuitoseriorimanu)inter·

86 2285 88 2290 .
229 2217 367 2324 punxit
381 2224 488 2311 post:
510 2226 617 2293 nata
632 2218 1020 2327 etgiossamaddidit:
1045 2221 1302 2319 degeneras

230 2335 446 2410 emerito.
466 2335 778 2434 Quamrationem
786 2338 1173 2441 dignamputaverim‚
1185 2361 1305 2434 quam

231 2455 414 2529 continuo
430 2456 663 2556 adoptemus.
715 2452 816 2531 Satis
835 2457 974 2533 usitata
993 2458 1094 2536 enim
1111 2455 1222 2534 verbi
1233 2457 1304 2532 de-
1363 2486 1365 2586 ν

229 2597 413 2676 generare
433 2573 527 2648 'cum
554 2573 681 2650 dativo
705 2576 936 2650 constructio
958 2578 1056 2673 apud
1077 2585 1211 2684 poetas
1229 2582 1302 2684 aut

230 2690 373 2769 Ovidio
388 2694 568 2794 aequales
583 2701 648 2772 aut
665 2694 713 2767 'ab
729 2691 810 2768 eius
828 2696 1002 2800 exemplo
1018 2704 1057 2768 et
1073 2695 1300 2770 auctoritate

230 2814 499 2911 pendentibus.
511 2809 588 2918 ‚⁰f¹'·
600 2812 729 2890 Manss.
743 2811 810 2904 IV,
832 2813 903 2907 783
934 2811 1028 2888 Stat.
1049 2803 1250 2924 Thebaide
1261 2813 1298 2922 I,

231 2931 321 3007 464.

233 3041 235 3044 ’
330 3083 419 3162 nia
442 3085 535 3178 vn,
562 3059 651 3163 sao.
700 3088 748 3163 Iu
768 3029 845 3162 hoe
863 3109 995 3178 versu,
1019 3082 1087 3181 qui
1107 3083 1148 3158 in
1161 3085 1296 3182 pleris-

231 3211 312 3298 que
326 3205 435 3278 codd.
449 3205 708 3303 omnibusque
723 3207 808 3282 edd.
826 3206 880 3279 ita
893 3203 1052 3304 legitur-z

273 3401 277 3410 ·
332 3355 581 3457 Membraque
594 3360 794 3458 pendentis
809 3358 970 3433 tendunt
985 3359 1032 3431 ad
1045 3357 1172 3431 sidem
1187 3358 1292 3448 coeli,

230 3498 309 3549 non
326 3483 471 3551 temere
492 3477 716 3553 factumest
737 3480 843 3574 quod
857 3474 1097 3552 offenderunt
1112 3477 1203 3550 boni
1218 3476 1289 3550 cri·

230 3595 299 3670 tici
311 3595 357 3670 N.
363 3595 543 3671 Heinsius
561 3604 600 3672 et
612 3597 643 3671 l:
656 3596 904 3685 Schraderus,
914 3594 1191 3693 ‘Capoferre'um
1204 3601 1290 3694 pne*-

230 3715 379 3811 bantee,
397 3713 618 3813 quiptimus
632 3716 681 3789 de
696 3715 855 3789 delendo
862 3741 978 3791 versu
987 3711 1287 3814 pronunciavis's'e

230 3833 403 3925 videtur3
428 3835 637 3933 imparibus
653 3859 748 3908 usus
765 3838 1012 3935 argumentis,
1029 3836 1099 3940 se'd
1112 3831 1286 3909 validiore

122 3941 131 3954 ’
228 3951 316 4046 tuo,
340 3950 551 4030 imuaviter
564 3961 743 4052 coeptum
756 3955 936 4030 erationis
952 3956 1128 4030 ordinem
1136 3947 1291 4041 turbari,

230 4069 298 4168 qui
318 4072 544 4173 participiis,
569 4072 651 4149 sive
664 4074 867 4150 ⁴infinitivis
889 4073 1065 4150 deberet
1080 4073 1291 4146 decurrere.

229 4189 365 4285 Neque
381 4213 474 4265 sene
492 4190 533 4266 in
548 4193 657 4268 oodd.
673 4192 890 4270 Heinsianis
915 4202 958 4302 et
977 4191 1170 4269 lanuinus
1188 4179 1294 4289 quid

233 4332 351 4409 quem
363 4303 545 4416 praesidii
560 4337 646 4395 esse
658 4313 824 4396 videtur.
871 4313 957 4412 ¹iloc
971 4313 1045 4413 est,
1060 4314 1102 4391 in
1118 4309 1182 4404 iis,
1200 4329 1293 4410 quo·
