2742 5017
593 473 693 526 1V11
837 473 839 478 ’

550 549 761 568 Μ

101 647 192 701 rum
205 615 418 721 scripuras
436 624 613 696 enotatas
630 618 810 720 bgnnus.
840 619 934 698 Nom
950 623 990 698 in
1003 625 1064 722 iis,
1082 651 1182 726 qnae

102 740 329 837 reticentur,
344 763 463 840 pravo
478 737 627 818 Heinsii
647 740 819 829 oonsilio,
843 749 938 839 puto
956 742 1074 818 etiam
1089 745 1184 838 illud

101 861 252 950 luisse,
277 858 342 938 vel
359 856 595 932 simillimum
618 856 677 932 1111
684 909 699 949 ,
722 859 863 958 quod
850 886 892 934 m
916 860 1183 1026 Zuiccaviauo
1305 944 1307 950 ,

100 979 297 1080 hodieque
318 982 450 1052 extat·

116 1139 122 1144 ·
209 1096 464 1236 Membraque
497 1089 710 1268 pendentis
739 1099 941 1174 tendere
972 1100 1045 1174 ad
1054 1039 1182 1176 sidera
1305 1109 1310 1124 ‘

493 1283 496 1289 ,
921 1219 1075 1311 coeli,
1178 1251 1182 1260 ’

103 1360 208 1439 quae
240 1335 431 1434 scriptura
463 1334 625 1412 orationi
651 1336 824 1436 poeticae
860 1339 1004 1439 optime
1039 1347 1182 1416 conred
1271 1353 1275 1364 '

99 1460 174 1550 nit,
200 1465 325 1534 metro
343 1463 544 1557 repugnat.
593 1458 711 1557 Atqui
729 1458 763 1548 si
786 1481 875 1531 cum
895 1458 959 1532 illa
982 1480 1180 1556 compares

98 1577 274 1676 reliquas
296 1581 450 1673 praeter
471 1574 680 1674 vulgatam:
709 1561 964 1651 tendentia
993 1576 1177 1673 sidera,

101 1698 293 1790 sidere,
331 1694 596 1769 tendentes
636 1694 819 1791 sidere,
862 1694 975 1771 facile
1005 1697 1178 1797 agnoscis

97 1816 345 1893 librariorum
359 1812 528 1887 studium
544 1819 670 1887 metro
687 1838 913 1888 succurrere
930 1813 1178 1912 cupientium,
1320 1858 1331 1872 ,

99 1960 261 2014 sensum
285 1934 376 2007 daun
397 1930 492 2005 nihil
511 1941 721 2008 morantur.
774 1931 885 2030 Quod
904 1933 937 2005 si
955 1935 1074 2007 semel
1088 1959 1178 2033 per·

28 2055 32 2063 ’
98 2053 289 2156 spexeris,
307 2051 420 2126 etiam
431 2053 482 2142 de
499 2053 652 2154 nugata
665 2052 770 2127 idem
787 2057 953 2130 statuere
971 2075 1049 2123 non
1065 2051 1176 2127 dubi-

20 2251 25 2260 ,
97 2175 217 2251 babis.
266 2168 443 2260 Accedit,
472 2172 577 2259 quod
592 2169 688 2240 nihil
705 2169 885 2243 libentius
902 2167 1045 2242 faciunt
1058 2171 1175 2246 libra·

94 2293 162 2388 rii,
185 2312 302 2390 quem
319 2284 524 2360 infinitivos
538 2285 747 2361 verborum
760 2292 806 2360 ut
819 2294 969 2363 mutent
982 2288 1176 2366 inindica-
1224 2313 1233 2320 ·

96 2411 222 2500 tivos,
252 2405 584 2483 constructionum
606 2404 720 2502 patilo
743 2405 1047 2482 artificiosiorum
1062 2433 1176 2509 pror-

98 2558 169 2612 sus
193 2524 455 2630 impatientem
489 2547 560 2621 pro
589 2523 766 2623 exemplo
797 2524 848 2599 sit
877 2526 960 2599 cod.
979 2527 1173 2606 Zwiccav.

97 2677 140 2731 τ.
152 2644 431 2749 d2tlprox1mo
479 2642 567 2739 lpse
583 2639 700 2743 igitur
713 2651 848 2739 poetae
862 2645 1073 2722 verbahd.
1090 2668 1174 2743 me·

80 2819 82 2823 -
99 2795 194 2848 cum
210 2763 385 2844 censebis
402 2757 715 2841 Zudcoavianum
729 2762 872 2836 librum
887 2763 1102 2856 exhibere,
1104 2790 1172 2841 or·

98 2892 229 2967 dinem
242 2886 443 2975 turbasse,
468 2905 535 2979 qiu
522 2878 612 2953 hic
630 2877 724 2952 luit:

203 3004 454 3101 Membraque
475 2996 674 3099 pendentis
705 2997 761 3070 ad
785 2997 947 3073 sidera
968 3002 1173 3080 tendere

956 3118 1068 3194 coeli.
1100 3119 1104 3124 “

205 3237 362 3321 Scilicet
380 3237 457 3312 hoc
471 3236 588 3311 etiam
605 3229 921 3326 frequentissime
935 3235 1173 3318 admisersmt

100 3362 255 3458 librarii,
278 3368 323 3435 ut
338 3356 493 3457 pasdtsm
510 3353 748 3430 inverterent
762 3353 968 3429 verborum
982 3358 1170 3451 ordinem,

98 3463 157 3560 uti
172 3504 289 3586 supra
303 3478 488 3553 dicebam.
538 3474 707 3548 Mettum
721 3470 825 3544 enim
843 3478 1003 3569 autnon
1019 3486 1170 3572 curant,

71 3628 75 3638 ⁴
102 3610 168 3679 aut
195 3602 245 3679 ad
266 3598 448 3673 usitatum
469 3594 679 3674 verborum
702 3597 901 3668 accentum
923 3606 1170 3693 componunt,

104 3717 426 3821 quemadmodum
438 3712 619 3814 proximo
631 3712 717 3784 loco
727 3732 766 3784 v.
783 3708 859 3784 599
874 3711 1016 3789 Zwicc.
1033 3716 1169 3792 habet:

103 3837 236 3918 Tinxit
250 3836 446 3913 subiectos
460 3834 600 3932 exiguo
627 3830 811 3929 sanguine
835 3831 996 3924 csdtros3
1021 3858 1058 3908 v.
1074 3835 1169 3911 6432

48 4023 54 4032 .
104 3980 256 4037 somnus
275 3954 356 4029 abit
371 3973 460 4028 mea
474 3952 636 4052 vigilans
653 3950 791 4024 damno
814 3948 909 4026 visa.
960 3952 1018 4027 Ao
1033 3955 1170 4030 eadem

104 4075 171 4156 bac
195 4073 345 4168 incurris¹
360 4079 495 4148 nostm
519 4070 561 4144 in
573 4071 657 4145 loco
671 4070 887 4171 putescum
899 4070 1027 4158 verbis
1046 4080 1171 4148 trane

105 4195 233 4301 positis
249 4192 498 4294 corruptelae
516 4196 649 4289 postea
667 4211 802 4265 ausam
818 4188 1042 4288 praebitam.
1093 4192 1171 4268 Re·

107 4323 198 4424 stat,
236 4322 281 4390 ut
303 4313 353 4387 ad
373 4311 633 4390 excusandam
664 4308 838 4408 syllabae
859 4308 989 4385 brevis
1021 4309 1063 4382 in
1091 4310 1170 4385 arsi

920 4434 953 4484 11
