2742 5017
412 1511 862 1599 Praefatio.

651 1675 654 1684 r

544 1699 753 1717 ἡ

99 1821 268 1979 Accipe
286 1879 497 1975 liertell,
522 1877 592 1955 Vir
615 1877 857 1974 doctissime,
884 1875 1053 1975 bonique
1075 1875 1173 1950 eon‘·

98 2000 185 2073 sue
201 1998 329 2074 brevis
344 1995 462 2073 libelli
475 2000 758 2095 munusculum,
789 2021 905 2096 quem
921 1989 1007 2072 cum
1022 1996 1170 2093 integro

99 2115 241 2194 abhiic
257 2121 434 2193 semestri
445 2118 747 2214 conscripserim,
764 2118 875 2218 longa
886 2112 1169 2216 exspectatione
1286 2207 1288 2214 Α

100 2237 262 2335 dignum
274 2235 629 2336 vixapparimmm,
645 2236 881 2310 cumdolore
897 2231 1079 2334 auguror.
1104 2230 1170 2306 'Aa

99 2356 219 2429 nolim
243 2355 425 2451 equidem
447 2354 550 2428 hunc
576 2352 769 2428 delectum
790 2378 977 2460 novomun
994 2360 1034 2428 et
1051 2350 1170 2430 maio·

100 2497 191 2552 rum
212 2475 340 2574 potius
366 2471 571 2571 sponsione
591 2496 858 2571 compensare,
883 2497 1000 2573 quam
1023 2474 1072 2549 ab
1096 2471 1170 2544 hu·
1201 2499 1204 2504 Δ

101 2595 286 2672 munitate
303 2592 390 2665 Tua
400 2592 607 2688 impetrare
624 2589 924 2668 excusationem.
959 2593 1057 2668 Illud
1066 2585 1169 2666 enini

100 2712 143 2787 in
155 2712 408 2812 incertissima
424 2709 596 2782 omnium
612 2734 743 2786 rerum
758 2710 912 2788 fornina
922 2713 1168 2814 posintmest',

43 2885 46 2889 1
101 2830 221 2906 hocin
238 2830 499 2931 persuasione
516 2838 554 2903 ct
566 2828 703 2903 fiducia
718 2830 997 2906 benivolentiae
1005 2830 1114 2905 Tuae
1128 2831 1170 2906 in

102 2973 164 3024 me
177 2950 279 3024 haud
294 2948 410 3048 paulo
426 2946 601 3020 certiore.
628 2947 667 3021 Is
678 2949 781 3021 enim
790 2947 852 3021 Tu
866 2948 986 3043 fuisti,
1006 2949 1074 3049 qui
1089 2971 1167 3039 me,

104 3093 192 3144 cum
208 3066 525 3142 bibliothecarum
541 3064 666 3163 coplas
684 3068 871 3153 lustrandi
886 3065 1052 3166 primum
1066 3065 1169 3141 face·

102 3199 184 3261 rem
197 3186 425 3285 periculum,
445 3188 547 3260 bono
560 3192 600 3259 el
615 3193 796 3283 exoptato
804 3186 981 3262 mactasti
994 3185 1169 3287 augurio;

103 3307 202 3405 quod
217 3306 251 3378 si
264 3307 305 3377 in
318 3307 586 3404 persequendo
600 3304 760 3379 consilio
775 3315 900 3381 ratum
914 3307 1084 3381 habuero
1101 3319 1169 3381 cu-

102 3425 308 3520 stodesque
329 3424 517 3497 honorum
531 3425 721 3499 librorum
735 3431 801 3498 aut
818 3419 893 3497 Tui
909 3424 1065 3521 similes,
1089 3427 1168 3516 ant,v

105 3543 138 3619 si
152 3543 226 3617 hoc
241 3541 404 3615 nimium
419 3543 470 3616 sit
485 3567 663 3643 sperare,
697 3543 871 3619 comiato
885 3569 963 3618 non
978 3546 1097 3620 multo
1111 3542 1170 3647 inss¹
1219 3625 1223 3634 ,

105 3683 242 3738 venero
264 3660 486 3751 inseiicres,
518 3663 688 3736 subsidia
711 3662 841 3737 critica
863 3664 989 3738 minus
1006 3662 1169 3739 fortasse

33 3761 38 3768 ⁵
106 3782 281 3874 deeraml,
310 3803 426 3878 quam
447 3781 577 3854 utendi
603 3779 777 3855 saccsltas.
810 3789 814 3798 ’
831 3779 1104 3880 sedquoniam
1121 3783 1168 3857 de

106 3900 162 3989 iia,
190 3924 287 3999 quae
303 3899 432 3973 futura
449 3909 551 3988 sunt,
580 3899 836 3988 Dii‘viderint‚
864 3902 1043 3997 emulliS,
1070 3926 1168 4001 qliae

108 4011 171 4119 pei·
184 4018 256 4112 Te,
281 4019 352 4093 vir
364 4017 708 4112 Praestantissima
727 4016 805 4091 iam
820 4018 977 4116 profeci,
1006 4045 1170 4119 quomm

111 4141 406 4237 quandocunque
419 4138 517 4212 calio
534 4138 734 4227 reddetur,
761 4121 1015 4234 promiseram
1030 4138 1099 4211 tibi
1114 4139 1173 4213 sa-

111 4269 164 4333 ctu
178 4259 381 4334 occasione
400 4281 446 4334 ea
462 4257 741 4333 communicem
750 4309 764 4350 ,
794 4283 891 4358 quae
917 4260 958 4333 in
972 4257 1100 4333 codisc
1117 4260 1173 4331 ni-
