2742 5017
646 457 855 570 gg*

58 657 62 670 “
114 653 119 659 ’
209 637 350 744 duplex
367 639 475 720 vocis
500 638 724 743 signifieatio
748 645 797 719 ad
822 642 983 742 ineptias
1015 640 1288 717 luxmiantem

207 771 362 863 poetam
375 760 549 838 deduxit:
568 765 816 858 nequeenim
831 762 961 840 omnia
975 759 1016 836 in
1029 759 1182 837 Nosone
1194 762 1290 837 lau·

209 884 333 960 danda
350 906 437 957 esse
450 888 557 976 puto.
566 886 595 926 “
709 917 712 926 v

221 985 223 988 ⁵
305 1002 365 1076 Ita
382 1027 470 1076 oum
485 1002 930 1097 commonstraverimus,
962 1007 1104 1096 quanta
1126 1001 1306 1077 senten·‘

175 1197 178 1202 ,
209 1120 289 1195 tiae
312 1122 513 1197 conversio
533 1146 622 1197 oum
643 1122 758 1197 unius
783 1123 932 1197 litterae
951 1120 1162 1195 mutatione
1185 1145 1286 1196 eon·

209 1240 345 1316 iuncta
369 1265 456 1317 esse
490 1241 637 1341 possit,
684 1241 813 1318 licebit
849 1241 890 1315 id
928 1264 998 1337 pro
1033 1241 1287 1337 appendiculo

54 1405 63 1415 ·
138 1363 147 1372 “
210 1358 312 1433 alius
337 1361 460 1435 adhue
483 1363 558 1436 loci
580 1362 755 1460 exemplo
778 1360 1028 1454 confirmare,
1056 1359 1123 1519 qui
1146 1360 1292 1463 legitur

211 1476 323 1552 Pont.
340 1477 382 1573 Ι,
398 1482 444 1572 7,
461 1480 574 1556 63.-

166 1695 170 1702 .
263 1533 424 1697 Quod
392 1625 426 1672 s1
441 1599 630 1696 permittis
646 1599 755 1674 nobis
772 1598 947 1688 suadere,
963 1597 1055 1697 quid
1073 1602 1196 1695 optes,
1311 1689 1316 1696 ᾖ

319 1717 371 1790 Ut
386 1718 466 1810 des,
482 1740 599 1816 quam
612 1720 750 1792 reddas
764 1719 888 1816 plura,
902 1740 1060 1816 precare
1072 1718 1178 1791 deos.
1289 1753 1293 1757 ·
1358 1705 1361 1766 1

225 1869 230 1878 ’
265 1829 505 1933 quuefaois,
522 1835 1124 1938 quantumquelioetmeminisse,
1134 1835 1287 1911 solebas

321 1953 451 2029 Officii
467 1980 626 2033 oausam
640 1957 815 2055 pluribus
833 1980 920 2030 esse
936 1955 1030 2028 dati.
1118 1959 1120 1962 ’

214 2071 341 2148 Versu
360 2075 483 2175 primo
507 2099 597 2149 eum
621 2076 729 2150 codd.
742 2075 897 2174 plurimi
910 2082 950 2149 et
964 2079 1060 2149 vett.
1075 2073 1158 2147 edd.
1175 2071 1293 2146 exhi-

214 2192 351 2268 beant:
386 2195 510 2293 quod
532 2202 695 2292 optas,
727 2219 864 2270 eorum
879 2195 1090 2270 verborum
1112 2191 1302 2291 primum.

155 2299 156 2308 ¹
216 2311 479 2414 recipiendum
503 2337 703 2388 censemus
728 2322 884 2414 propter
906 2314 1034 2394 locum
1051 2310 1290 2385 simillimum

218 2428 306 2503 Am.
321 2431 362 2522 1,
389 2433 435 2526 6,
458 2434 521 2509 23.
568 2434 700 2530 Atque
713 2434 754 2507 in
767 2435 842 2509 hoo
858 2454 992 2508 rursus
1010 2432 1044 2505 si
1058 2432 1182 2531 legas:
1203 2454 1297 2531 op·r

92 2603 94 2608 .
218 2553 313 2644 tes,

322 2684 457 2761 Redde
481 2686 606 2764 vicem
626 2679 797 2765 meritis:
824 2694 933 2789 grato
949 2686 1040 2763 lieet
1056 2699 1161 2776 esse3
1183 2684 1292 2782 quod

1052 2803 1188 2903 optes?
1247 2823 1252 2830 ‘

366 2924 568 3034 Tempora
585 2927 716 3001 noetis
725 2932 835 3019 eunt,
862 2933 1000 3000 excute
1014 2934 1125 3024 poste
1144 2947 1293 2998 seram.

186 3037 191 3042 ’
221 3022 499 3140 nihilrestabit,
521 3047 623 3139 quod
640 3046 888 3144 interpretem
898 3043 1180 3142 moraripossit,
1194 3065 1296 3140 quo·

223 3183 312 3233 rum
330 3189 445 3239 nemo
471 3163 656 3240 hactenus
679 3166 787 3240 illum
801 3165 926 3237 looum
945 3166 1070 3263 potuit
1086 3162 1297 3262 explicare.

208 3327 210 3336 ·
226 3277 401 3377 Quod
387 3310 427 3357 m
448 3286 748 3385 interrogatione
768 3284 850 3358 sive
866 3284 1031 3374 directa,
1053 3284 1134 3358 sive
1150 3281 1298 3354 indire-

226 3404 288 3472 ota
309 3400 364 3474 ita
384 3405 526 3499 poterit
555 3407 684 3478 locum
706 3401 869 3492 hab'ere,
903 3402 1010 3475 utin
1034 3399 1197 3501 Augusti
1219 3398 1295 3473 illis

103 3521 108 3530 ’
226 3518 354 3593 verbis
378 3526 478 3620 apud
503 3525 669 3610 Sueto.
695 3523 763 3598 58:
792 3523 895 3620 quod
920 3522 1045 3596 habeo
1071 3522 1173 3593 aliud
1190 3519 1295 3595 votis

226 3641 375 3735 preoari
398 3642 531 3720 Patres
556 3646 714 3721 Consor.
737 3651 810 3717 eto.
829 3651 871 3715 'et
884 3641 928 3715 1³.
943 3642 994 3735 V,
1010 3642 1084 3714 313
1099 3665 1169 3738 per
1191 3639 1298 3737 quod

227 3756 362 3834 fierem
383 3763 586 3840 manifesta
610 3761 776 3842 doloris?
822 3761 969 3835 Verum
992 3761 1032 3833 in
1056 3765 1195 3857 quarto
1212 3759 1299 3835 illo·

188 3917 192 3926 .
229 3902 338 3968 rum,
371 3905 470 3977 quos
493 3879 715 3981 posuimus,
746 3906 864 3957 versu
899 3888 966 3953 aut
996 3878 1298 3978 interpretando,

232 4004 300 4072 aut
316 4003 552 4076 emendando
576 4007 794 4102 sategerunt
809 3999 987 4074 editores.
1036 3996 1215 4073 Heinsius
1233 3996 1300 4068 ad-

215 4119 396 4196 notavit:
411 4122 504 4197 latet
525 4124 650 4212 uleus,
667 4130 735 4196 aut
749 4145 885 4195 versus
901 4128 962 4192 est
978 4119 1178 4216 spurius.“
1201 4114 1302 4187 Bur·

232 4261 393 4316 manaim
415 4241 490 4330 has,
510 4247 752 4321 coniecturas
777 4237 975 4334 confinxit,
1002 4240 1116 4314 aliam
1138 4236 1211 4312 alia
1233 4258 1305 4318 ne-

237 4361 430 4459 quiorome
537 4438 542 4447 ,
