2742 5017
575 415 614 486 41

39 599 261 693 eampum
281 589 355 666 diei
369 591 624 693 leginwa
647 593 866 670 disemum
887 591 1029 692 fuisse,
1056 621 1124 675 va·

40 711 339 788 risimillin'rum
351 722 424 806 est,
444 725 515 787 ne'o
527 714 575 787 de
590 712 681 792 Iano
699 719 738 786 et
753 712 962 790 Concordia
976 724 1037 791 est
1052 717 1132 793 im··

43 832 274 931 probabile.
323 830 685 910 Alexandrianarum
701 832 858 910 victoria
870 856 964 931 paee
979 837 1123 912 eonsti-

46 960 170 1040 ωας,
195 959 300 1026 reete
316 951 430 1025 Imus
449 959 598 1049 poterat
613 952 786 1042 ,adorari3
814 961 854 1026 et
875 954 983 1029 hellis
1001 955 1123 1041 ‚civili-

45 1073 136 1144 bus
153 1070 269 1146 finitis
279 1123 293 1160 ,
313 1078 357 1144 ut
376 1055 627 1168 inposterum
646 1087 691 1144 ea
709 1083 997 1164 auerrunoaret,
1024 1075 1129 1161 Con--

51 1189 199 1266 oordia¹
214 1201 295 1265 orat
313 1192 537 1267 veneranda
589 1188 667 1266 Sed
684 1191 866 1289 quidquid
881 1196 1033 1280 tandem
1049 1195 1128 1270 hoo

52 1311 118 1385 rei
139 1309 279 1403 inierit,
308 1333 386 1386 uno
403 1310 698 1408 eorteexemplo
718 1312 981 1408 probavimus,
1007 1339 1122 1412 quas-

38 1433 154 1536 dam
167 1427 344 1505 carminis
366 1430 479 1506 huius
495 1436 621 1528 partes
637 1437 771 1529 postea
785 1432 1030 1508 elaborandas
1047 1433 1129 1506 sibi·

55 1574 286 1627 reservasse
307 1558 482 1648 poetam.
496 1552 597 1648 quod
620 1551 838 1654 ceteroquin
856 1551 1034 1626 inFastis
1059 1577 1123 1627 ae-

57 1694 141 1769 que
162 1669 315 1744 difficile
338 1678 398 1743 est
418 1671 699 1765 demonstratu,
725 1679 837 1769 atque
861 1671 1123 1748 inMetamor-

48 1789 266 1890 'phosilsus
293 1815 385 1889 quas
401 1791 474 1863 etsi
491 1791 580 1864 item
596 1789 835 1888 imperfectas
852 1790 990 1867 scimus
1012 1794 1122 1866 dere-
1259 1861 1262 1864 a

59 1909 193 2005 lietas,
226 1935 300 2008 qua
323 1917 430 2008 parte
448 1912 651 2012 quidquam
667 1910 961 2004 desideraretur,
989 1933 1119 2007 nemo,
1211 1907 1214 1916 ’

62 2033 167 2130 ῳιοᾱ
183 2031 314 2124 seiam,
335 2030 524 2103 indicavit.
576 2029 685 2126 Quod
698 2030 813 2128 igitur
834 2054 947 2128 supra
966 2031 1120 2107 tulimus

62 2150 264 2238 iudicium,
291 2149 519 2250 posteriores
535 2148 736 2222 Fastorum
759 2149 876 2223 libros
892 2150 946 2222 ita
960 2149 1041 2224 fere
1058 2175 1121 2225 re·

63 2271 196 2364 liotos,
214 2272 344 2368 quales
361 2269 560 2366 descripsit
575 2267 757 2341 Tristium
776 2270 882 2363 loeo,
904 2269 945 2341 in
961 2273 1120 2345 exordio

63 2379 178 2466 hstias
195 2390 453 2487 disputationis
470 2387 652 2475 exhibito,
679 2411 803 2486 neque
819 2389 859 2461 in
874 2387 986 2464 exilio
1000 2399 1121 2465 retra·

68 2517 185 2586 etatos
201 2508 322 2584 videri
338 2533 360 2583 a
376 2515 507 2606 poeta,
537 2511 769 2607 argumentis
785 2512 1093 2586 sustentavimus.
1150 2503 1155 2514 ’

6 2747 8 2776 Ι
95 2657 110 2680 ”
168 2663 308 2736 Verum
324 2686 373 2735 ne
392 2662 481 2759 quid
494 2647 785 2756 dissimulemus,
813 2664 886 2736 duo
901 2673 1030 2739 extant
1044 2668 1121 2741 looi

70 2781 106 2855 in
121 2783 179 2857 his
204 2783 309 2856 libris
327 2773 625 2882 posterioribus,
654 2807 813 2880 quorum
833 2785 950 2857 altero
968 2787 1121 2862 demon·

69 2911 228 2992 stratru,
259 2902 374 2976 hosce
398 2902 516 2973 libros
548 2902 592 3004 in¹
609 2901 723 2974 exilio
749 2887 947 2991 Ovidiim,
983 2905 1118 2994 altero,
1237 2907 1238 2914 ’

69 3022 179 3095 etiam
192 3030 277 3118 post
292 3029 476 3093 mutatam
494 3021 540 3091 ad
551 3019 816 3093 Germanicum
833 3021 1118 3117 dedicationem,

69 3141 247 3241 attigisse.
299 3139 357 3212 Ao
374 3123 517 3235 primus
534 3140 698 3213 habetur
712 3141 777 3212 lib.
795 3141 860 3230 lv,
876 3142 953 3215 ‘812

120 3294 304 3370 Sulmonis
321 3294 455 3396 gelidi,
480 3296 636 3392 patriae,
652 3293 896 3386 Germanico,
920 3305 1094 3388 nostrae3
1183 3301 1186 3308 ’

168 3416 229 3488 Me
245 3417 441 3504 miserum,
469 3407 649 3512 Scythico
664 3439 777 3513 quam
791 3417 924 3512 procul
939 3417 1002 3489 illa
1018 3417 1119 3490 solo!
1143 3407 1146 3414 ²

118 3532 214 3634 Ergo
240 3560 309 3637 ego
334 3515 414 3611 tarn
435 3534 568 3636 longe?
589 3575 640 3589 -·-
661 3537 734 3609 sed
756 3536 969 3634 supprime,
998 3535 1120 3628 Musa,

646 3656 838 3752 querelas3
1159 3655 1161 3664 ’

63 3869 71 3878 g
167 3770 255 3856 Non¹
265 3774 336 3848 tibi
351 3784 438 3851 sunt
450 3786 604 3850 moesta
618 3798 725 3849 saera
741 3773 906 3878 canenda
919 3772 1014 3867 lyra.

72 3891 171 3963 Alter
194 3916 307 3969 vero:
335 3895 406 3985 VI,
432 3898 529 3969 6662

173 4034 362 4124 Exsilium
383 4034 548 4132 quodam
570 4039 740 4128 tempore
765 4028 888 4101 Tibur
910 4024 1010 4098 erat!

12 4187 14 4190 ’
118 4207 131 4230 r
153 4146 273 4267 ‘Quos
295 4171 448 4269 quidem
463 4192 617 4264 uersus,
642 4191 732 4245 oum
747 4165 932 4264 relegeret
946 4162 1123 4259 =aliquan·
1186 4195 1189 4208 ·

75 4292 122 4368 do
141 4291 204 4366 hos
225 4292 344 4368 libros
370 4300 506 4394 poeta,
544 4289 673 4362 subito
696 4287 862 4375 additos,
897 4283 1060 4356 forsitan
1083 4283 1122 4353 in
1250 4345 1256 4361 ,
